<record><leader>00000cas a22000007a 4500</leader><controlfield tag="001">15184314</controlfield><controlfield tag="008">870211d18921928pauwr ne      0    0eng d</controlfield><datafield ind1=" " ind2=" " tag="010"><subfield code="a">sn 87078050 </subfield></datafield><datafield ind1=" " ind2=" " tag="040"><subfield code="a">NPH</subfield><subfield code="b">eng</subfield><subfield code="c">NPH</subfield><subfield code="d">OCLCQ</subfield><subfield code="d">DLC</subfield></datafield><datafield ind1=" " ind2=" " tag="042"><subfield code="a">msc</subfield></datafield><datafield ind1="0" ind2="0" tag="245"><subfield code="a">New Bethlehem leader.</subfield></datafield><datafield ind1="1" ind2="7" tag="246"><subfield code="a">Leader</subfield></datafield><datafield ind1=" " ind2=" " tag="260"><subfield code="a">New Bethlehem, Pa. :</subfield><subfield code="b">S.C. Hepler &amp; Son,</subfield><subfield code="c">-1928.</subfield></datafield><datafield ind1=" " ind2=" " tag="300"><subfield code="a">v. :</subfield><subfield code="b">ill. ;</subfield><subfield code="c">54 cm.</subfield></datafield><datafield ind1=" " ind2=" " tag="310"><subfield code="a">Weekly</subfield></datafield><datafield ind1="1" ind2=" " tag="362"><subfield code="a">Began in 1892.</subfield><subfield code="z">Cf. Rossell, G. Pa. newspapers.</subfield></datafield><datafield ind1="0" ind2=" " tag="362"><subfield code="a">-v. 34, no. 17 (Dec. 27, 1928).</subfield></datafield><datafield ind1=" " ind2=" " tag="588"><subfield code="a">Description based on: Vol. 27, no. 26 (Jan. 27, 1922).</subfield></datafield><datafield ind1=" " ind2=" " tag="752"><subfield code="a">United States</subfield><subfield code="b">Pennsylvania</subfield><subfield code="c">Clarion</subfield><subfield code="d">New Bethlehem.</subfield></datafield><datafield ind1="0" ind2="7" tag="785"><subfield code="t">New Bethlehem vindicator</subfield><subfield code="w">(DLC)sn 86083386</subfield></datafield><datafield ind1="0" ind2="7" tag="785"><subfield code="t">Leader-vindicator</subfield><subfield code="x">2327-834X</subfield><subfield code="w">(DLC)sn 86083385</subfield><subfield code="w">(OCoLC)14813682</subfield></datafield></record>